@inproceedings{Churchill2017,
 author = {Churchill, Berkeley and Sharma, Rahul and Bastien, JF and Aiken, Alex},
 title = {Sound Loop Superoptimization for Google Native Client},
 booktitle = {Proceedings of the Twenty-Second International Conference on Architectural Support for Programming Languages and Operating Systems},
 series = {ASPLOS '17},
 year = {2017},
 isbn = {978-1-4503-4465-4},
 location = {Xi'an, China},
 pages = {313--326},
 numpages = {14},
 url = {http://doi.acm.org/10.1145/3037697.3037754},
 doi = {10.1145/3037697.3037754},
 acmid = {3037754},
 publisher = {ACM},
 address = {New York, NY, USA},
 keywords = {assembly, bounded verification, data-driven verification, equivalence checking, native client, superoptimization, verification, x86-64},
} 

@inproceedings{TSVC,
 author = {Maleki, Saeed and Gao, Yaoqing and Garzar\'{a}n, Maria J. and Wong, Tommy and Padua, David A.},
 title = {An Evaluation of Vectorizing Compilers},
 booktitle = {Proceedings of the 2011 International Conference on Parallel Architectures and Compilation Techniques},
 series = {PACT '11},
 year = {2011},
 isbn = {978-0-7695-4566-0},
 pages = {372--382},
 numpages = {11},
 url = {http://dx.doi.org/10.1109/PACT.2011.68},
 doi = {10.1109/PACT.2011.68},
 acmid = {2121464},
 publisher = {IEEE Computer Society},
 address = {Washington, DC, USA},
} 
